%
% $Id$
% $Author$
% $Date$
% $Rev: 37 $
%

@article{bellman,
  author  = {Bellman, R.},
  title   = {Dynamic Programming Treatment of The Traveling Salesman Problem},
  year    = 1962,
  journal = {J.A.C.M.}
}

@article{lawler,
  author  = {Lawler, Eugene L.},
  title   = {A Solvable Case of the Traveling Salesman Problem},
  year    = 1971,
  journal = {Math.~Programming 1}
}

@techreport{gilmore,
    author = {Gilmore, P. C. and Lawler, Eugene L. and Shmoys, D. B.},
    title = {Well-solved Special Cases of the Traveling Salesman Problem},
    institution = {EECS Department, University of California, Berkeley},
    year = 1984,
    URL = {http://www.eecs.berkeley.edu/Pubs/TechRpts/1984/5922.html},
    number = {UCB/CSD-84-208}
}

@article{baki,
  author  = {Baki, Fazle and Kabadi, Santosh N.},
  title   = {Pyramidal traveling salesman problem},
  year    = 1997,
  journal = {Computers \& Operations Research}
}

@article{belperm,
  author  = {Carlier, J. and Villon, P.},
  title   = {A New Heuristic for the Traveling Salesman Problem},
  year    = 1990,
  journal = {Revue française d'automatique, d'informatique et de recherche opérationnelle},
  url     = "http://www.numdam.org/item?id=RO_1990__24_3_245_0"
}

@article{fpneighb,
  author  = {Deineko, Vladimir G. and Klinz, Bettina and Woeginger, Gerhard J.},
  title   = {Four Point Conditions and Exponential Neighborhoods for Symmetric TSP},
  year    = 2006,
  journal = {SODA}
}

@article{fpclass,
  author  = {Deineko, Vladimir G. and Klinz, Bettina and Tiskin, Alexander and Woeginger, Gerhard J.},
  title   = {Four-point conditions for the TSP: The complete complexity classification},
  year    = 2014,
  journal = {Discrete Optimization}
}

